@misc{klein_2020, title={DIY VCO Part 1: The analog oscillator core anyone can build}, url={https://www.youtube.com/watch?v=QBatvo8bCa4}, journal={www.youtube.com}, author={Klein, Moritz}, year={2020}, month={May} }

@book{uncert_analysis, address={Sausalito, Calif.}, title={An introduction to error analysis : the study of uncertainties in physical measurements}, ISBN={9780935702422}, publisher={University Science Books}, author={John Robert Taylor}, year={1997} }

@article{numpy,
 title = {Array programming with {NumPy}},
 author = {Charles R. Harris and K. Jarrod Millman and St{\'{e}}fan J. van der Walt and Ralf Gommers and Pauli Virtanen and David Cournapeau and Eric Wieser and Julian Taylor and Sebastian Berg and Nathaniel J. Smith and Robert Kern and Matti Picus and Stephan Hoyer and Marten H. van Kerkwijk and Matthew Brett and Allan Haldane and Jaime Fern{\'{a}}ndez del R{\'{i}}o and Mark Wiebe and Pearu Peterson and Pierre G{\'{e}}rard-Marchant and Kevin Sheppard and Tyler Reddy and Warren Weckesser and Hameer Abbasi and Christoph Gohlke and Travis E. Oliphant},
 year          = {2020},
 month         = {9},
 journal       = {Nature},
 volume        = {585},
 number        = {7825},
 pages         = {357--362},
 doi           = {10.1038/s41586-020-2649-2},
 publisher     = {Springer Science and Business Media {LLC}},
 url           = {https://doi.org/10.1038/s41586-020-2649-2}
}

@article{pandas,
  author = {The pandas development team},
  title = {pandas-dev/pandas: Pandas},
  month = {1},
  year = {2024},
  publisher = {Zenodo},
  version = {v2.2.0},
  doi = {10.5281/zenodo.10537285},
  url = {https://doi.org/10.5281/zenodo.10537285}
}

@misc{multimeter, 
    title={Digital Multimeters 34460A, 34461A, 34465A (6½ digit), 34470A (7½ digit) Data Sheet}, 
    url={https://www.keysight.com/ca/en/assets/7018-03846/data-sheets/5991-1983.pdf}, 
    journal={www.keysight.com}, author={Keysight}, year={2022}, 
    month={12} }

@misc{oscope, 
    title={Keysight InfiniiVision DSOX1204A/G Oscilloscopes User's Guide, English}, 
    url={https://www.keysight.com/ca/en/assets/9018-04786/user-manuals/9018-04786.pdf}, 
    journal={www.keysight.com}, author={Keysight}, year={2022}, 
    month={12} }

@misc{psupply, 
    title={E36300 Series Triple Output Bench Power Supply Data Sheet}, 
    url={https://www.keysight.com/ca/en/assets/7018-05629/data-sheets/5992-2124.pdf}, 
    journal={www.keysight.com}, author={Keysight}, year={2022}, 
    month={12} }

@book{uncert_analysis, address={Sausalito, Calif.}, title={An introduction to error analysis : the study of uncertainties in physical measurements}, ISBN={9780935702422}, publisher={University Science Books}, author={John Robert Taylor}, year={1997} }

@misc{nico, 
    author={Nicolas Souleles}, year={2024}, 
    month={4},
    day={4},
    note={Node analysis in Schmidtt Trigger},
    howpublished={private communication}
}

@misc{hong, 
    author={Ziqing Hong}, year={2024}, 
    month={4},
    day={5},
    note={Analysis in reference voltage of Schmidtt Trigger},
    howpublished={private communication}
}

@misc{coby, 
    author={Coby Silayan}, year={2024}, 
    month={4},
    day={5},
    note={Analysis of Schmidtt Trigger},
    howpublished={private communication}
}

@misc{elspeth, 
    author={Elspeth Cudmore}, year={2024}, 
    month={4},
    day={5},
    note={Debugging of capacitance problems in circuit},
    howpublished={private communication}
}

 @article{schmitt_trigger, title={A thermionic trigger}, volume={15}, DOI={https://doi.org/10.1088/0950-7671/15/1/305}, number={1}, journal={Journal of Scientific Instruments}, author={Schmitt, Otto H}, year={1938}, month={Jan}, pages={24–26} }

 @misc{hystersis, title={Hysteresis in Analog Circuits: Comparator and Operational Amplifier Circuits}, url={https://resources.pcb.cadence.com/blog/2019-hysteresis-in-analog-circuits-comparator-and-operational-amplifier-circuits}, journal={resources.pcb.cadence.com}, author={Cadence PCB solutions}, year={2019} }

@book{griffiths, 
    title={Introduction to Electrodynamics}, 
    ISBN={9781108357142}, 
    publisher={Cambridge University Press}, 
    author={Griffiths, David J}, 
    year={2017}, month={6} }

@misc{lec09,
  author = {Ziqing Hong},
  title = {Lecture Notes for PHY405},
note = {Lecture 09, Fun?},
  year = {2024},
  publisher={University of Toronto}
}

@misc{lec05,
  author = {Ziqing Hong},
  title = {Lecture Notes for PHY405},
note = {Lecture 05, Transistors and Op-Amps},
  year = {2024},
  publisher={University of Toronto}
}

@misc{lec07,
  author = {Ziqing Hong},
  title = {Lecture Notes for PHY405},
note = {Lecture 07, Currents and amplifiers: Transistors},
  year = {2024},
  publisher={University of Toronto}
}

 @misc{wiki_hyst, title={Hysteresis}, url={https://en.wikipedia.org/wiki/Hysteresis}, journal={Wikipedia}, publisher={Wikimedia Foundation}, author={Wikipedia Contributors}, year={2019}, month={Apr} }

 @misc{falstad_2019, title={Circuit Simulator Applet | VCO}, url={https://www.falstad.com/circuit/e-vco.html}, journal={Falstad.com}, author={Falstad, Paul}, year={2019} }

@manual{mosfet,
    organization  = {Supertex Incorperated},
    title         = {N-Channel Enhancement-Mode Vertical DMOS FETs},
    number        = {2N7000},
    year          =  {2013}
}

 @book{op_amp, title={MCP6004 Datasheet}, url={https://ww1.microchip.com/downloads/aemDocuments/documents/MSLD/ProductDocuments/DataSheets/MCP6001-1R-1U-2-4-1-MHz-Low-Power-Op-Amp-DS20001733L.pdf}, author={Microchip}, year={2019}, month={May} }


 @misc{paracitic_cap, title={What order of magnitude should I expect the parasitic capacitance to be for a solderless breadboard?}, url={https://electronics.stackexchange.com/questions/302850/what-order-of-magnitude-should-i-expect-the-parasitic-capacitance-to-be-for-a-so}, journal={Electrical Engineering Stack Exchange}, author={G, Trevor}, year={2017}, month={May} }

@misc{pyvisa,
Author = {{PyVISA Authors}},
Title = {{P}y{VISA} Documentation},
Url = {https://pyvisa.readthedocs.io/en/stable/},
Year = {2018},
Bdsk-Url-1 = {https://pyvisa.readthedocs.io/en/stable/}
}

@misc{autodesk_2022, title={Fusion 360}, url={https://www.autodesk.com/campaigns/education/fusion-360}, journal={Autodesk.com}, author={Autodesk}, year={2022}, month={Oct} }